@article{Marin:2022aa,
	author = {Marin, Maximillian and others},
	journal = {Bioinformatics},
	pages = {1781-1787},
	title = {Benchmarking the empirical accuracy of short-read sequencing across the M. tuberculosis genome},
	volume = {38},
	year = {2022}}

@article{Hyatt:2010aa,
	author = {Hyatt, Doug and others},
	journal = {BMC Bioinformatics},
	pages = {119},
	title = {Prodigal: prokaryotic gene recognition and translation initiation site identification},
	volume = {11},
	year = {2010}}

@article{Tonkin-Hill:2020aa,
	author = {Tonkin-Hill, Gerry and others},
	journal = {Genome Biol},
	pages = {180},
	title = {Producing polished prokaryotic pangenomes with the Panaroo pipeline},
	volume = {21},
	year = {2020}}

@article{Seemann:2014aa,
	author = {Seemann, Torsten},
	journal = {Bioinformatics},
	pages = {2068-9},
	title = {Prokka: rapid prokaryotic genome annotation},
	volume = {30},
	year = {2014}}

@article{Li:2006aa,
	author = {Li, Weizhong and Godzik, Adam},
	journal = {Bioinformatics},
	pages = {1658-9},
	title = {{CD-HIT}: a fast program for clustering and comparing large sets of protein or nucleotide sequences},
	volume = {22},
	year = {2006}}

@article{Fu:2012aa,
	author = {Fu, Limin and others},
	journal = {Bioinformatics},
	pages = {3150-2},
	title = {{CD-HIT}: accelerated for clustering the next-generation sequencing data},
	volume = {28},
	year = {2012}}

@article{Li:2023ac,
	author = {Li, Heng},
	journal = {Bioinformatics},
	pages = {btad014},
	title = {Protein-to-genome alignment with miniprot},
	volume = {39},
	year = {2023}}

@article{Schneider:2017aa,
	author = {Schneider, Valerie A and others},
	journal = {Genome Res},
	pages = {849-864},
	title = {Evaluation of {GRCh38} and de novo haploid genome assemblies demonstrates the enduring quality of the reference assembly},
	volume = {27},
	year = {2017}}

@article{Nurk:2022up,
	author = {Nurk, Sergey and others},
	journal = {Science},
	pages = {44-53},
	title = {The complete sequence of a human genome},
	volume = {376},
	year = {2022}}

@article{Handsaker:2015ur,
	author = {Handsaker, Robert E and others},
	journal = {Nat Genet},
	pages = {296-303},
	title = {Large multiallelic copy number variations in humans},
	volume = {47},
	year = {2015}}

@article{Sudmant:2010aa,
	author = {Sudmant, Peter H and others},
	journal = {Science},
	pages = {641-6},
	title = {Diversity of human copy number variation and multicopy genes},
	volume = {330},
	year = {2010}}

@article{Steinegger:2017aa,
	author = {Steinegger, Martin and S{\"o}ding, Johannes},
	journal = {Nat Biotechnol},
	pages = {1026-1028},
	title = {MMseqs2 enables sensitive protein sequence searching for the analysis of massive data sets},
	volume = {35},
	year = {2017}}

@article{Gautreau:2020aa,
	author = {Gautreau, Guillaume and others},
	journal = {PLoS Comput Biol},
	pages = {e1007732},
	title = {{PPanGGOLiN}: Depicting microbial diversity via a partitioned pangenome graph},
	volume = {16},
	year = {2020}}

@article{Shaw:2021aa,
	author = {Shaw, Liam P and others},
	journal = {Sci Adv},
	title = {Niche and local geography shape the pangenome of wastewater- and livestock-associated {Enterobacteriaceae}},
	volume = {7},
	year = {2021}}

@article{Li:2020aa,
	author = {Li, Heng and others},
	journal = {Genome Biol},
	pages = {265},
	title = {The design and construction of reference pangenome graphs with minigraph},
	volume = {21},
	year = {2020}}

@article{Ju:2016aa,
	author = {Ju, Xiang-Chun and Hou, Qiong-Qiong and Sheng, Ai-Li and others},
	journal = {Elife},
	month = {Aug},
	title = {The hominoid-specific gene {TBC1D3} promotes generation of basal neural progenitors and induces cortical folding in mice},
	volume = {5},
	year = {2016}}

@article{Taylor:2020aa,
	author = {Taylor, Christopher and Crosby, Ian and Yip, Vincent and others},
	journal = {Genes (Basel)},
	title = {A Review of the Important Role of {CYP2D6} in Pharmacogenomics},
	volume = {11},
	year = {2020}}

@article{Handsaker:2015ur,
	author = {Handsaker, Robert E and Van Doren, Vanessa and Berman, Jennifer R and others},
	journal = {Nat Genet},
	pages = {296-303},
	title = {Large multiallelic copy number variations in humans},
	volume = {47},
	year = {2015}}

@article{Sudmant:2010aa,
	author = {Sudmant, Peter H and Kitzman, Jacob O and Antonacci, Francesca and others},
	journal = {Science},
	pages = {641-6},
	title = {Diversity of human copy number variation and multicopy genes},
	volume = {330},
	year = {2010}}

@article{Mercuri:2022aa,
	author = {Mercuri, Eugenio and Sumner, Charlotte J and Muntoni, Francesco and Darras, Basil T and Finkel, Richard S},
	journal = {Nat Rev Dis Primers},
	pages = {52},
	title = {Spinal muscular atrophy},
	volume = {8},
	year = {2022}}

@article{Wenger_2019,
	author = {Wenger, Aaron M. and Peluso, Paul and Rowell, William J. and others},
	journal = {Nat Biotechnol},
	pages = {1155-1162},
	title = {Accurate circular consensus long-read sequencing improves variant detection and assembly of a human genome},
	volume = {37},
	year = {2019}}

@article{Nurk:2020we,
	author = {Nurk, Sergey and Walenz, Brian P and Rhie, Arang and others},
	journal = {Genome Res},
	pages = {1291-1305},
	title = {{HiCanu}: accurate assembly of segmental duplications, satellites, and allelic variants from high-fidelity long reads},
	volume = {30},
	year = {2020}}

@article{Cheng:2021aa,
	author = {Cheng, Haoyu and Concepcion, Gregory T and Feng, Xiaowen and others},
	journal = {Nat Methods},
	pages = {170-175},
	title = {Haplotype-resolved de novo assembly using phased assembly graphs with hifiasm},
	volume = {18},
	year = {2021}}

@article{Rautiainen:2023aa,
	author = {Rautiainen, Mikko and Nurk, Sergey and Walenz, Brian P and others},
	journal = {Nat Biotechnol},
	month = {Feb},
	title = {Telomere-to-telomere assembly of diploid chromosomes with {Verkko}},
	year = {2023}}

@article{Li:2020aa,
	author = {Li, Heng and Feng, Xiaowen and Chu, Chong},
	journal = {Genome Biol},
	pages = {265},
	title = {The design and construction of reference pangenome graphs with minigraph},
	volume = {21},
	year = {2020}}

@article{Hickey:2023aa,
	author = {Hickey, Glenn and Monlong, Jean and Ebler, Jana and others},
	journal = {Nat Biotechnol},
	month = {May},
	title = {Pangenome graph construction from genome alignments with Minigraph-Cactus},
	year = {2023}}

@article{Garrison2023.04.05.535718,
	author = {Erik Garrison and Andrea Guarracino and Simon Heumos and others},
	journal = {bioRxiv},
	title = {Building pangenome graphs},
	year = {2023}}

@article{Liao:2023aa,
	author = {Liao, Wen-Wei and Asri, Mobin and Ebler, Jana and others},
	journal = {Nature},
	pages = {312-324},
	title = {A draft human pangenome reference},
	volume = {617},
	year = {2023}}

@article{Page:2015aa,
	author = {Page, Andrew J and Cummins, Carla A and Hunt, Martin and others},
	journal = {Bioinformatics},
	pages = {3691-3},
	title = {Roary: rapid large-scale prokaryote pan genome analysis},
	volume = {31},
	year = {2015}}

@article{Tonkin-Hill:2023aa,
	author = {Tonkin-Hill, Gerry and Corander, Jukka and Parkhill, Julian},
	journal = {Microb Genom},
	title = {Challenges in prokaryote pangenomics},
	volume = {9},
	year = {2023}}

@article{Ding:2018aa,
	author = {Ding, Wei and Baumdicker, Franz and Neher, Richard A},
	journal = {Nucleic Acids Res},
	pages = {e5},
	title = {panX: pan-genome analysis and exploration},
	volume = {46},
	year = {2018}}

@article{Zhou:2020aa,
	author = {Zhou, Zhemin and Charlesworth, Jane and Achtman, Mark},
	journal = {Genome Res},
	pages = {1667-1679},
	title = {Accurate reconstruction of bacterial pan- and core genomes with {PEPPAN}},
	volume = {30},
	year = {2020}}

@article{Paten:2018aa,
	author = {Paten, Benedict and Eizenga, Jordan M and Rosen, Yohei M and others},
	journal = {J Comput Biol},
	pages = {649-663},
	title = {Superbubbles, Ultrabubbles, and Cacti},
	volume = {25},
	year = {2018}}

@article{Wick:2015qf,
	author = {Wick, Ryan R and Schultz, Mark B and Zobel, Justin and Holt, Kathryn E},
	journal = {Bioinformatics},
	pages = {3350-2},
	title = {Bandage: interactive visualization of de novo genome assemblies},
	volume = {31},
	year = {2015}}
